@article{amenta2003,
  title={Computational topology: ambient isotopic approximation of 2-manifolds},
  author={Amenta, Nina and Peters, Thomas J and Russell, Alexander C},
  journal={Theoretical Computer Science},
  volume={305},
  number={1-3},
  pages={3--15},
  year={2003},
  publisher={Elsevier}
}

@article{sussman1977,
  title={A structure-factor least-squares refinement procedure for macromolecular structures using constrained and restrained parameters},
  author={Sussman, Joel L and Holbrook, Stephen R and Church, George M and Kim, S-H},
  journal={Acta Crystallographica Section A: Crystal Physics, Diffraction, Theoretical and General Crystallography},
  volume={33},
  number={5},
  pages={800--804},
  year={1977},
  publisher={International Union of Crystallography}
}

@article{grosse2004,
  title={Numerically stable algorithms for the computation of reduced unit cells},
  author={Grosse-Kunstleve, Ralf W and Sauter, Nicholas K and Adams, Paul D},
  journal={Acta Crystallographica Section A: Foundations of Crystallography},
  volume={60},
  number={1},
  pages={1--6},
  year={2004},
  publisher={International Union of Crystallography}
}

@article{furukawa2013,
  title={The chemistry and applications of metal-organic frameworks},
  author={Furukawa, Hiroyasu and Cordova, Kyle E and O’Keeffe, Michael and Yaghi, Omar M},
  journal={Science},
  volume={341},
  number={6149},
  pages={1230444},
  year={2013},
  publisher={American Association for the Advancement of Science}
}

@article{santoro1970,
  title={Determination of reduced cells},
  author={Santoro, A t and Mighell, AD},
  journal={Acta Crystallographica Section A: Crystal Physics, Diffraction, Theoretical and General Crystallography},
  volume={26},
  number={1},
  pages={124--127},
  year={1970},
  publisher={International Union of Crystallography}
}

@incollection{lide2018,
  title={Determination of Reduced Cells in Crystallography},
  author={Lide, David R},
  booktitle={A Century of Excellence in Measurements, Standards, and Technology},
  pages={188--190},
  year={2018},
  publisher={CRC Press}
}

@article{greenfield1999,
  title={The origins of metallurgy: distinguishing stone from metal cut-marks on bones from archaeological sites},
  author={Greenfield, Haskel J},
  journal={Journal of archaeological science},
  volume={26},
  number={7},
  pages={797--808},
  year={1999},
  publisher={Elsevier}
}

@techreport{edelsbrunner2012,
  title={Persistent homology: theory and practice},
  author={Edelsbrunner, Herbert and Morozov, Dmitriy},
  year={2012},
  institution={Lawrence Berkeley National Lab.(LBNL), Berkeley, CA (United States)}
}

@article{kim2018,
  title={Beta-complex vs. Alpha-complex: Similarities and Dissimilarities},
  author={Kim, Donguk and Lee, Mokwon and Cho, Youngsong and Kim, Deok-Soo},
  journal={IEEE transactions on visualization and computer graphics},
  year={2018},
  publisher={IEEE}
}

@article{edelsbrunner1994,
  title={Three-dimensional alpha shapes},
  author={Edelsbrunner, Herbert and M{\"u}cke, Ernst P},
  journal={ACM Transactions on Graphics (TOG)},
  volume={13},
  number={1},
  pages={43--72},
  year={1994},
  publisher={ACM}
}

@article{kvrivy1976,
  title={A unified algorithm for determining the reduced (Niggli) cell},
  author={K{\v{r}}iv{\`y}, I and Gruber, B},
  journal={Acta Crystallographica Section A: Crystal Physics, Diffraction, Theoretical and General Crystallography},
  volume={32},
  number={2},
  pages={297--298},
  year={1976},
  publisher={International Union of Crystallography}
}

@article{willems2012,
  title={Algorithms and tools for high-throughput geometry-based analysis of crystalline porous materials},
  author={Willems, Thomas F and Rycroft, Chris H and Kazi, Michaeel and Meza, Juan C and Haranczyk, Maciej},
  journal={Microporous and Mesoporous Materials},
  volume={149},
  number={1},
  pages={134--141},
  year={2012},
  publisher={Elsevier}
}

@inproceedings{akkiraju1995,
  title={Alpha shapes: definition and software},
  author={Akkiraju, Nataraj and Edelsbrunner, Herbert and Facello, Michael and Fu, Ping and Mucke, EP and Varela, Carlos},
  booktitle={Proceedings of the 1st International Computational Geometry Software Workshop},
  volume={63},
  pages={66},
  year={1995}
}

@inproceedings{van2010,
  title={Alpha shape topology of the cosmic web},
  author={van de Weygaert, Rien and Platen, Erwin and Vegter, Gert and Eldering, Bob and Kruithof, Nico},
  booktitle={2010 International Symposium on Voronoi Diagrams in Science and Engineering},
  pages={224--234},
  year={2010},
  organization={IEEE}
}

@article{ferey2008,
  title={Hybrid porous solids: past, present, future},
  author={F{\'e}rey, G{\'e}rard},
  journal={Chemical Society Reviews},
  volume={37},
  number={1},
  pages={191--214},
  year={2008},
  publisher={Royal Society of Chemistry}
}

@book{karlsson2005,
  title={Beyond the C++ standard library: an introduction to boost},
  author={Karlsson, Bj{\"o}rn},
  year={2005},
  publisher={Pearson Education}
}

@article{zhou2010,
  title={A discriminatory function for prediction of protein--DNA interactions based on alpha shape modeling},
  author={Zhou, Weiqiang and Yan, Hong},
  journal={Bioinformatics},
  volume={26},
  number={20},
  pages={2541--2548},
  year={2010},
  publisher={Oxford University Press}
}

@book{edelsbrunner2010,
  title={Computational topology: an introduction},
  author={Edelsbrunner, Herbert and Harer, John},
  year={2010},
  publisher={American Mathematical Soc.}
}

@book{hahn1983,
  title={International tables for crystallography},
  author={Hahn, Theo and Shmueli, Uri and Arthur, JC Wilson},
  volume={1},
  year={1983},
  publisher={Reidel Dordrecht}
}

@article{guillerm2014,
  title={Discovery and introduction of a (3, 18)-connected net as an ideal blueprint for the design of metal--organic frameworks},
  author={Guillerm, Vincent and Weseli{\'n}ski, {\L}ukasz J and Belmabkhout, Youssef and Cairns, Amy J and D'elia, Valerio and Wojtas, {\L}ukasz and Adil, Karim and Eddaoudi, Mohamed},
  journal={Nature chemistry},
  volume={6},
  number={8},
  pages={673},
  year={2014},
  publisher={Nature Publishing Group}
}

@inproceedings{papagiannakis2014,
  title={glGA: an OpenGL Geometric Application Framework for a Modern, Shader-based Computer Graphics Curriculum.},
  author={Papagiannakis, George and Papanikolaou, Petros and Greassidou, Elisavet and Trahanias, Panos E},
  booktitle={Eurographics (Education Papers)},
  pages={9--16},
  year={2014}
}

@article{gruber1997,
  title={Classification of lattices: a new step},
  author={Gruber, B},
  journal={Acta Crystallographica Section A: Foundations of Crystallography},
  volume={53},
  number={4},
  pages={505--521},
  year={1997},
  publisher={International Union of Crystallography}
}

@article{vauhkonen2010,
  title={Imputation of single-tree attributes using airborne laser scanning-based height, intensity, and alpha shape metrics},
  author={Vauhkonen, Jari and Korpela, Ilkka and Maltamo, Matti and Tokola, Timo},
  journal={Remote Sensing of Environment},
  volume={114},
  number={6},
  pages={1263--1276},
  year={2010},
  publisher={Elsevier}
}

@article{rowsell2004,
  title={Metal--organic frameworks: a new class of porous materials},
  author={Rowsell, Jesse LC and Yaghi, Omar M},
  journal={Microporous and mesoporous materials},
  volume={73},
  number={1-2},
  pages={3--14},
  year={2004},
  publisher={Elsevier}
}

@article{murray2009,
  title={Hydrogen storage in metal--organic frameworks},
  author={Murray, Leslie J and Dinc{\u{a}}, Mircea and Long, Jeffrey R},
  journal={Chemical Society Reviews},
  volume={38},
  number={5},
  pages={1294--1314},
  year={2009},
  publisher={Royal Society of Chemistry}
}

@article{chua2014,
  title={Chemical reduction of graphene oxide: a synthetic chemistry viewpoint},
  author={Chua, Chun Kiang and Pumera, Martin},
  journal={Chemical Society Reviews},
  volume={43},
  number={1},
  pages={291--312},
  year={2014},
  publisher={Royal Society of Chemistry}
}

@inproceedings{maria2014,
  title={The gudhi library: Simplicial complexes and persistent homology},
  author={Maria, Cl{\'e}ment and Boissonnat, Jean-Daniel and Glisse, Marc and Yvinec, Mariette},
  booktitle={International Congress on Mathematical Software},
  pages={167--174},
  year={2014},
  organization={Springer}
}

@article{ghrist2008,
  title={Barcodes: the persistent topology of data},
  author={Ghrist, Robert},
  journal={Bulletin of the American Mathematical Society},
  volume={45},
  number={1},
  pages={61--75},
  year={2008}
}

@article{rosi2003,
  title={Hydrogen storage in microporous metal-organic frameworks},
  author={Rosi, Nathaniel L and Eckert, Juergen and Eddaoudi, Mohamed and Vodak, David T and Kim, Jaheon and O'keeffe, Michael and Yaghi, Omar M},
  journal={Science},
  volume={300},
  number={5622},
  pages={1127--1129},
  year={2003},
  publisher={American Association for the Advancement of Science}
}

@article{schroeder2000,
  title={Visualizing with VTK: a tutorial},
  author={Schroeder, William J and Avila, Lisa Sobierajski and Hoffman, William},
  journal={IEEE Computer graphics and applications},
  volume={20},
  number={5},
  pages={20--27},
  year={2000},
  publisher={IEEE}
}

@article{zomorodian2005,
  title={Computing persistent homology},
  author={Zomorodian, Afra and Carlsson, Gunnar},
  journal={Discrete \& Computational Geometry},
  volume={33},
  number={2},
  pages={249--274},
  year={2005},
  publisher={Springer}
}

@article{choi2014,
  title={Supercapacitors of nanocrystalline metal--organic frameworks},
  author={Choi, Kyung Min and Jeong, Hyung Mo and Park, Jung Hyo and Zhang, Yue-Biao and Kang, Jeung Ku and Yaghi, Omar M},
  journal={ACS nano},
  volume={8},
  number={7},
  pages={7451--7457},
  year={2014},
  publisher={ACS Publications}
}

@article{groom2016,
  title={The Cambridge structural database},
  author={Groom, Colin R and Bruno, Ian J and Lightfoot, Matthew P and Ward, Suzanna C},
  journal={Acta Crystallographica Section B: Structural Science, Crystal Engineering and Materials},
  volume={72},
  number={2},
  pages={171--179},
  year={2016},
  publisher={International Union of Crystallography}
}

@article{horak2009,
  title={Persistent homology of complex networks},
  author={Horak, Danijela and Maleti{\'c}, Slobodan and Rajkovi{\'c}, Milan},
  journal={Journal of Statistical Mechanics: Theory and Experiment},
  volume={2009},
  number={03},
  pages={P03034},
  year={2009},
  publisher={IOP Publishing}
}

@inproceedings{carriere2017,
  title={Sliced wasserstein kernel for persistence diagrams},
  author={Carriere, Mathieu and Cuturi, Marco and Oudot, Steve},
  booktitle={Proceedings of the 34th International Conference on Machine Learning-Volume 70},
  pages={664--673},
  year={2017},
  organization={JMLR. org}
}

@article{fellegara2017,
  title={The Stellar tree: a compact representation for simplicial complexes and beyond},
  author={Fellegara, Riccardo and Weiss, Kenneth and De Floriani, Leila},
  journal={arXiv preprint arXiv:1707.02211},
  year={2017}
}

@article{spaldin2017,
  title={Fundamental Materials Research and the Course of Human Civilization},
  author={Spaldin, Nicola A},
  journal={arXiv preprint arXiv:1708.01325},
  year={2017}
}

@article{soubra1994,
  title={Evaluation of a dual bias dual metal oxide-silicon semiconductor field effect transistor detector as radiation dosimeter},
  author={Soubra, M and Cygler, J and Mackay, G},
  journal={Medical Physics},
  volume={21},
  number={4},
  pages={567--572},
  year={1994},
  publisher={Wiley Online Library}
}

@article{yaghi2000,
  title={Design of solids from molecular building blocks: golden opportunities for solid state chemistry},
  author={Yaghi, OM and O'Keeffe, M and Kanatzidis, M},
  journal={Journal of Solid State Chemistry},
  volume={152},
  number={1},
  pages={1--2},
  year={2000},
  publisher={Academic Press}
}

@article{tranchemontagne2009,
  title={Secondary building units, nets and bonding in the chemistry of metal--organic frameworks},
  author={Tranchemontagne, David J and Mendoza-Cort{\'e}s, Jos{\'e} L and O’Keeffe, Michael and Yaghi, Omar M},
  journal={Chemical Society Reviews},
  volume={38},
  number={5},
  pages={1257--1283},
  year={2009},
  publisher={Royal Society of Chemistry}
}

@book{hatcher2005,
  title={Algebraic topology},
  author={Hatcher, Allen},
  year={2005},
  publisher={清华大学出版社有限公司}
}

@misc{spek2001,
  title={PLATON, a multipurpose crystallographic tool},
  author={Spek, Al L and others},
  year={2001},
  publisher={Utrecht University: Utrecht, The Netherlands}
}

@misc{cppmap,
  title = "std::map documentation",
  howpublished = "\url{https://en.cppreference.com/w/cpp/container/map}",
  note = "[Online; accessed 8-May-2019]"
}

@misc{rupp,
  //title = {Coordinate system transformation},
  author = "{Ruppweb.org}",
  title = "Coordinate system transformation",
  howpublished = "\url{http://www.ruppweb.org/Xray/tutorial/Coordinate system transformation.html}",
  note = "[Online; accessed 8-May-2019]"
}

@misc{atb,
author = "phildec",
title = "AntTweakBar",
howpublished = "\url{http://anttweakbar.sourceforge.net/doc/tools:anttweakbar:download}",
note = "[Online; accessed 8-May-2019]"
}

@incollection{gudhi:FilteredComplexes
, author =  "Cl\'ement Maria"
, title =   "Filtered Complexes"
, publisher =  "{GUDHI Editorial Board}"
, booktitle =   "{GUDHI} User and Reference Manual"
, url = "http://gudhi.gforge.inria.fr/doc/latest/group__simplex__tree.html"
, year =        2015
}

@inproceedings{boissonnat2012,
  title={The simplex tree: An efficient data structure for general simplicial complexes},
  author={Boissonnat, Jean-Daniel and Maria, Cl{\'e}ment},
  booktitle={European Symposium on Algorithms},
  pages={731--742},
  year={2012},
  organization={Springer}
}

@book{josuttis2012,
  title={The C++ standard library: a tutorial and reference},
  author={Josuttis, Nicolai M},
  year={2012},
  publisher={Addison-Wesley}
}

@misc{muparser,
    title= "muparser - Fast Math Parser Library",
    author = "beltoforion",
    howpublished = "\url{https://beltoforion.de/article.php?a=muparser}",
    note = "[Online; accessed 8-May-2019]"
}

@misc{gemmi,
    title= "GEMMI - GEneral MacroMolecular I/O",
    author = "Global Phasing Ltd , CCP4.",
    howpublished = "\url{https://gemmi.readthedocs.io/en/latest/}",
    note = "[Online; accessed 8-May-2019]"
}

@misc{zeo_plus_plus,
    title= "Zeo++",
    author = "Maciej Haranczyk",
    howpublished = "\url{http://www.zeoplusplus.org/}",
    note = "[Online; accessed 8-May-2019]"
}

@misc{wiki_crystal_structure,
    author = "{Wikipedia contributors}",
    title = "Crystal structure --- {Wikipedia}{,} The Free Encyclopedia",
    year = "2019",
    howpublished = "\url{https://en.wikipedia.org/w/index.php?title=Crystal_structure&oldid=894221753}",
    note = "[Online; accessed 8-May-2019]"
 }
 
@misc{eigen,
author="Benoît Jacob (founder), Gaël Guennebaud",
title="Eigen",
howpublished = "\url{http://eigen.tuxfamily.org/index.php?title=Main_Page}",
note = "[Online; acceessed 8-May-2019]"
}

@article{brown2002cif,
  title={CIF: the computer language of crystallography},
  author={Brown, I David and McMahon, Brian},
  journal={Acta Crystallographica Section B: Structural Science},
  volume={58},
  number={3},
  pages={317--324},
  year={2002},
  publisher={International Union of Crystallography}
}