
@book{mcnaught1997compendium,
  title="Compendium of chemical terminology",
  author="McNaught, Alan D and McNaught, Alan D",
  volume="1669",
  year="1997",
  publisher="Blackwell Science Oxford"
}

@book{strang1993introduction,
  title={Introduction to linear algebra},
  author={Strang, Gilbert and Strang, Gilbert and Strang, Gilbert and Strang, Gilbert},
  volume={3},
  year={1993},
  publisher={Wellesley-Cambridge Press Wellesley, MA}
}

@book{trefethen1997numerical,
  title={Numerical linear algebra},
  author={Trefethen, Lloyd N and Bau III, David},
  volume={50},
  year={1997},
  publisher={Siam}
}

@article{schwarzenberg1995matrix,
  title={On matrix factorization and efficient least squares solution.},
  author={Schwarzenberg-Czerny, Alex},
  journal={Astronomy and Astrophysics Supplement Series},
  volume={110},
  pages={405},
  year={1995}
}

@book{karlsson2005,
  title={Beyond the C++ standard library: an introduction to boost},
  author={Karlsson, Bj{\"o}rn},
  year={2005},
  publisher={Pearson Education}
}

@article{chua2014,
  title={Chemical reduction of graphene oxide: a synthetic chemistry viewpoint},
  author={Chua, Chun Kiang and Pumera, Martin},
  journal={Chemical Society Reviews},
  volume={43},
  number={1},
  pages={291--312},
  year={2014},
  publisher={Royal Society of Chemistry}
}

@article{groom2016,
  title={The Cambridge structural database},
  author={Groom, Colin R and Bruno, Ian J and Lightfoot, Matthew P and Ward, Suzanna C},
  journal={Acta Crystallographica Section B: Structural Science, Crystal Engineering and Materials},
  volume={72},
  number={2},
  pages={171--179},
  year={2016},
  publisher={International Union of Crystallography}
}

@inproceedings{carriere2017,
  title={Sliced wasserstein kernel for persistence diagrams},
  author={Carriere, Mathieu and Cuturi, Marco and Oudot, Steve},
  booktitle={Proceedings of the 34th International Conference on Machine Learning-Volume 70},
  pages={664--673},
  year={2017},
  organization={JMLR. org}
}

@article{spaldin2017,
  title={Fundamental Materials Research and the Course of Human Civilization},
  author={Spaldin, Nicola A},
  journal={arXiv preprint arXiv:1708.01325},
  year={2017}
}

@article{soubra1994,
  title={Evaluation of a dual bias dual metal oxide-silicon semiconductor field effect transistor detector as radiation dosimeter},
  author={Soubra, M and Cygler, J and Mackay, G},
  journal={Medical Physics},
  volume={21},
  number={4},
  pages={567--572},
  year={1994},
  publisher={Wiley Online Library}
}

@misc{cppmap,
  title = "std::map documentation",
  howpublished = "\url{https://en.cppreference.com/w/cpp/container/map}",
  note = "[Online; accessed 8-May-2019]"
}

@misc{eppstein1993,
    author = "{David Eppstein}",
    title = "Fractional Representations",
    howpublished = "\url{https://www.ics.uci.edu/~eppstein/numth/frap.c}",
    note = "[Online; accessed 8-May-2019]"
}

@misc{rupp,
  //title = {Coordinate system transformation},
  author = "{Ruppweb.org}",
  title = "Coordinate system transformation",
  howpublished = "\url{http://www.ruppweb.org/Xray/tutorial/Coordinate system transformation.html}",
  note = "[Online; accessed 8-May-2019]"
}
@book{josuttis2012,
  title={The C++ standard library: a tutorial and reference},
  author={Josuttis, Nicolai M},
  year={2012},
  publisher={Addison-Wesley}
}

@misc{muparser,
    title= "muparser - Fast Math Parser Library",
    author = "beltoforion",
    howpublished = "\url{https://beltoforion.de/article.php?a=muparser}",
    note = "[Online; accessed 8-May-2019]"
}

@misc{wiki_crystal_structure,
    author = "{Wikipedia contributors}",
    title = "Crystal structure --- {Wikipedia}{,} The Free Encyclopedia",
    year = "2019",
    howpublished = "\url{https://en.wikipedia.org/w/index.php?title=Crystal_structure&oldid=894221753}",
    note = "[Online; accessed 8-May-2019]"
 }
 
@misc{eigen,
    author="Benoît Jacob (founder), Gaël Guennebaud",
    title="Eigen",
    howpublished = "\url{http://eigen.tuxfamily.org/index.php?title=Main_Page}",
    note = "[Online; acceessed 8-May-2019]"
}